@Misc{www-aws-auroradb,
  author =	 {{AWS}},
  title =	 {Amazon Aurora – Relational Database Built for the
                  Cloud - AWS},
  howpublished = {Web Page},
  url =		 {https://aws.amazon.com/rds/aurora/},
  month = aug,
  year = 2019,
}

@Misc{aws-documentdb,
  author =	 {{AWS}},
  title =	 {AWS Document DB – Fully Managed Mongo DB compatible
                  database service},
  howpublished = {Web Page},
  url =		 {https://aws.amazon.com/documentdb/},
  month = aug,
  year = 2019,
}

@Misc{www-aws-elasticbeanstalk,
  author =	 {{AWS}},
  title =	 {AWS Elastic Beanstalk – Deploy Web Applications},
  howpublished = {Web Page},
  url =		 {https://aws.amazon.com/elasticbeanstalk/},
  month = aug,
  year = 2019,
}

@Misc{@fa18-516-22-AWS-EMR-1,
  author =	 {{AWS}},
  title =	 {AWS},
  year =	 2018,
  howpublished = {Web Page},
  url =
                  {https://us-east-2.console.aws.amazon.com/elasticmapreduce/home?region=us-east-2#},
  month = aug,
  year = 2019,
}
