@Misc{developer-box,
  author={{Box}},
  title={Box Authenticate with JWT (SDK)},
  howpublished = {Web Page},
  url = {https://developer.box.com/docs/authenticate-with-jwt}
}

@Misc{developer-box,
  author={{Box}},
  title={Box API Reference},
  howpublished = {Web Page},
  url = {https://developer.box.com/reference}
}
