@misc{AmazonRedShift001:online,
author = {{Amazon}},
title = {Amazon Redshift System Overview - Amazon Redshift},
howpublished = {\url{https://docs.aws.amazon.com/redshift/latest/dg/c_redshift_system_overview.html}},
month = {January},
year = {2019},
note = {(Accessed on 01/24/2019)}
}


@misc{AmazonRedShift002:online,
author = {{Amazon}},
title = {Data Warehouse System Architecture - Amazon Redshift},
howpublished = {\url{https://docs.aws.amazon.com/redshift/latest/dg/c_high_level_system_architecture.html}},
month = {January},
year = {2019},
note = {(Accessed on 01/24/2019)}
}


@misc{TerraformRedShift001:online,
author = {Ocenas, Andrej},
title = {Kinesis Firehose to Redshift pipeline with Terraform},
howpublished = {\url{https://medium.com/@aoc/kinesis-firehose-to-redshift-pipeline-with-terraform-2261b5afd29d}},
month = {June},
year = {2018},
note = {(Accessed on 01/24/2019)}
}

@misc{TerraformRedShift002:online,
author = {Babenko, Anton and Rousseau Quentin and others},
title = {terraform-aws-redshift/main.tf at master · terraform-aws-modules/terraform-aws-redshift},
howpublished = {\url{https://github.com/terraform-aws-modules/terraform-aws-redshift/blob/master/examples/complete/main.tf}},
month = {September},
year = {2018},
note = {(Accessed on 01/24/2019)}
}

@misc{SQLClientSQLWorkb19:online,
author = {Kellerer, Thomas},
title = {SQL Workbench/J -  Home},
howpublished = {\url{https://www.sql-workbench.eu/}},
month = {December},
year = {2018},
note = {(Accessed on 01/24/2019)}
}

@misc{SQLClientSQuirreL1:online,
author = {Bell, Colin and Wagner, Gerd},
title = {SQuirreL SQL Client Home Page},
howpublished = {\url{http://squirrel-sql.sourceforge.net/}},
month = {December},
year = {2018},
note = {(Accessed on 01/24/2019)}
}
