
@Misc{mattwatson2017,
  author       = {Matt Watson},
  title        = {What Is Function-as-a-Service? Serverless Architectures Are Here!},
  howpublished = {website},
  month        = may,
  year         = {2017},
  url          = {https://stackify.com/function-as-a-service-serverless-architecture/},
}

@Misc{wiki-serverless-computing,
  author       = {{Wikimedia Foundation, Inc.}},
  title        = {Serverless computing},
  howpublished = {webpage},
  month        = nov,
  year         = {2018},
  url          = {https://en.wikipedia.org/wiki/Serverless_computing},
}

@Misc{azure-serverless- computing,
  author       = {{Microsoft company}},
  title        = {Serverless computing},
  howpublished = {website},
  month        = nov,
  year         = {2018},
  url          = {https://azure.microsoft.com/en-us/overview/serverless-computing/},
}

@Misc{aws-amazon-serverless,
  author       = {{Amazon Web Services, Inc.}},
  title        = {Serverless Computing and Applications},
  howpublished = {website},
  month        = nov,
  year         = {2018},
  url          = {https://aws.amazon.com/serverless/},
}

@Misc{aws-amazon-lambda,
  author       = {{Amazon Web Services, Inc}},
  title        = {AWS Lambda},
  howpublished = {website},
  month        = nov,
  year         = {2018},
  url          = {https://aws.amazon.com/lambda/},
}

@Misc{infoworld-cloud-serverless-computing,
  author       = {Eric Knorr},
  title        = {What serverless computing really means},
  howpublished = {website},
  month        = jul,
  year         = {2016},
  url          = {https://www.infoworld.com/article/3093508/cloud-computing/what-serverless-computing-really-means.html},
}

@Misc{techbeancon-aws-serverless,
  author       = {Bernard Golden},
  title        = {Serverless computing: 5 things to know about the post-container world},
  howpublished = {website},
  month        = nov,
  year         = {2018},
  url          = {https://techbeacon.com/aws-lambda-serverless-apps-5-things-you-need-know-about-serverless-computing},
}

@Misc{alex2017faas,
  author       = {alex ellis},
  title        = {Introducing Functions as a Service (OpenFaaS)},
  howpublished = {website},
  month        = aug,
  year         = {2017},
  url          = {https://blog.alexellis.io/introducing-functions-as-a-service/},
}

@Misc{aws-amazon-lambda-supported,
  author       = {{Amazon Web Services, Inc.}},
  title        = {Supported Event Sources},
  howpublished = {website},
  month        = nov,
  year         = {2018},
}

@Misc{aws-amazon-limits,
  author       = {{Amazon Web Services, Inc}},
  title        = {AWS Lambda Limits},
  howpublished = {website},
  month        = nov,
  year         = {2018},
  url          = {https://docs.aws.amazon.com/lambda/latest/dg/limits.html},
}

@Misc{aws-amazon-limits,
  author       = {{Amazon Web Services, Inc}},
  title        = {AWS Lambda Pricing},
  howpublished = {website},
  month        = nov,
  year         = {2018},
  url          = {https://aws.amazon.com/lambda/pricing/},
}

@Misc{github-apache-devtools,
  author       = {mrutkows},
  title        = {incubator-openwhisk-devtools},
  howpublished = {webpage},
  month        = jul,
  year         = {2017},
  url          = {https://github.com/apache/incubator-openwhisk-devtools},
}

@Misc{github-apache-devtools,
  author       = {{The Apache Software Foundation}},
  title        = {Apache OpenWhisk Command Line Interface (CLI)},
  howpublished = {webpage},
  month        = nov,
  year         = {2018},
  url          = {https://openwhisk.apache.org/},
}






