@Misc{www-googlecloudvision,
  author =	 {{Google}},
  title =	 {https://www.cloud.google.com/},
  howpublished = {Web Page},
  year =	 2019,
  note =	 {Accessed: Mar 23,2019},
  url =		 {https://cloud.google.com/vision/},
}

@Misc{www-googlevisionapi,
  author =	 {{Google}},
  title =	 {https://www.cloud.google.com/},
  howpublished = {Web Page},
  year =	 2019,
  note =	 {Accessed: Mar 23,2019},
  url =		 {https://cloud.google.com/vision/docs/request},
}
