
@Misc{wiki-nih-cip-survey,
  author       = {Freymann, John (NIH/NCI) [C]},
  title        = {CIP Survey of Biomedical Imaging Archives},
  howpublished = {web page},
  month        = oct,
  year         = {2016},
  url          = {https://wiki.nci.nih.gov/display/CIP/CIP+Survey+of+Biomedical+Imaging+Archives}
  }
  
@article{fox2011does,
  title = {Where does all the data come from},
  author = {Fox, Geoffrey and Hey, Tony and Trefethen, Anne},
  journal = {Data-Intensive Science. Chapman and Hall/CRC},
  pages = {15--51},
  year = {2011}
  }

@misc{smarr13self,
author = {Ernesto Ramirez},
title = {Larry Smarr Archives - Quantified Self},
howpublished = {website},
month = {Feb},
year = {2013},
note = {(Accessed on 10/20/2018)},
url = {http://quantifiedself.com/larry-smarr/}
}


@misc{www-ebi,
author = {European Bioinformatics Institute},
title = {About us},
howpublished = {website},
month = {},
year = {2018},
note = {(Accessed on 10/20/2018)},
url = {https://www.ebi.ac.uk/about}
}

@TechReport{www-kleinerperkins-internet-trends,
  author      = {Mary Meeker},
  title       = {internet trends 2018},
  institution = {kleiner perkins},
  year        = {2018},
  month       = may,
  url         = {https://www.kleinerperkins.com/perspectives/internet-trends-report-2018},
}

@Misc{www-slideshare-wearable-quantified-self,
  author       = {Steven Tucker},
  title        = {Wearable Health, Fitness Trackers, and the Quantified Self},
  howpublished = {website},
  month        = feb,
  year         = {2014},
  url          = {https://www.slideshare.net/drsteventucker/wearable-health-fitness-trackers-and-the-quantified-self},
}

@Conference{archive--big-data-analytics-healthcare,
  author       = {Jimeng Sun and Chandan K. Reddy},
  title        = {bia data analytics for health care},
  howpublished = {website},
  year         = {2013},
  url          = {https://archive.siam.org/meetings/sdm13/sun.pdf},
}

@Misc{www-wiki-calico,
  author       = {wikipedia},
  title        = {calico(company)},
  howpublished = {website},
  month        = sep,
  year         = {2018},
  url          = {https://en.wikipedia.org/wiki/Calico_%28company%29},
}

@Misc{www-slideshare-2015-health trends,
  author       = {{slideshare}},
  title        = {2015 health trends},
  howpublished = {website},
  month        = nov,
  year         = {2014},
  url          = {https://www.slideshare.net/GSW_Worldwide/2015-health-trends},
}
