@Misc{cloud-google,
  author = {{Google}},
  title = {Products and Services},
  howpublished = {Web Page},
  url = {https://cloud.google.com/products/}
}
  
@Misc{google-storage,
  author = {{Google}},
  title = {Choosing a Storage Option},
  howpublished = {Web Page},
  url = {https://cloud.google.com/storage-options/}
}
