
@Misc{www-image-data-never-sleeps-6,
  OPTkey = 	 {},
  author = 	 {{domo.com}},
  OPTtitle = 	 {Data Never S;leeps 6.0},
  howpublished = {Image},
  month = 	 jun,
  year = 	 2018,
  url = {https://www.domo.com/blog/wp-content/uploads/2018/06/18-domo-data-never-sleeps-6.png}
}


