# add the bibtex entries here