@article{fox2011does,
  title={Where does all the data come from},
  author={Fox, Geoffrey and Hey, Tony and Trefethen, Anne},
  journal={Data-Intensive Science. Chapman and Hall/CRC},
  pages={15--51},
  year={2011}
}
