@Inbook{hid-sp18-523-puppetimages,
	author = 	 "Edureka",
	title =        "puppet",
	year =         "2017",
	url = 	 "https://www.edureka.co/blog/videos/puppet-tutorial/",
}
@Inbook{hid-sp18-523-r10k,
	author = 	 "web",
	title =        "puppet",
	year =         "",
	url = 	 "https://fullstack-puppet-docs.readthedocs.io/en/latest/puppet_master.html",
}
@Inbook{hid-sp18-523-agent,
	author = 	 "web",
	title =        "puppet",
	year =         "",
	url = 	 "https://www.digitalocean.com/community/tutorials/how-to-install-puppet-to-manage-your-server-infrastructure#install-puppet-agent",
}
@Inbook{hid-sp18-523-config,
	author = 	 "web",
	title =        "puppet",
	year =         "",
	url = 	 "https://puppet.com/docs/puppet/5.3/config_file_main.html",
}
@Inbook{hid-sp18-523-split,
	author = 	 "web",
	title =        "puppet",
	year =         "",
	url = 	 "https://puppet.com/docs/pe/2017.1/install_text_mode_split.html",
}
@Inbook{hid-sp18-523-mono,
	author = 	 "web",
	title =        "puppet",
	year =         "",
	url = 	 "https://puppet.com/docs/pe/2017.1/install_text_mode_mono.html",
}
@Inbook{hid-sp18-523-install,
	author = 	 "web",
	title =        "puppet",
	year =         "",
	url = 	 "https://puppet.com/docs/pe/2017.3/installing_pe.html",
}
