@Misc{earthdata-about,
  Author                  = {{EOSDIS}},
  Title                   = {{About EOSDIS: An Overview of EOSDIS}},
  Howpublished            = {Web page},
  Url                     = {https://earthdata.nasa.gov/about}
}

@InProceedings{nsidc-daac-uwg,
  Author                   = {{J. Moses}},
  Title                    = {{Earth Science Data and Information System (ESDIS) Project}},
  Booktitle                = {{NSIDC DAAC Users Working Group}},
  Year                     = {2010},
  Howpublished             = {Web page},
  Url                      = {https://nsidc.org/sites/nsidc.org/files/files/rpt_esdis_overview_moses.pdf}
}

@Misc{nasa-eosdis-cumulus,
  Author                   = {{Baynes et al.}},
  Title                    = {{NASA's EOSDIS Cloud}},
  Howpublished             = {Web page},
  Url                      = {https://ntrs.nasa.gov/archive/nasa/casi.ntrs.nasa.gov/20180000548.pdf}
}
