@Misc{www-go,
  OPTauthor =    {},
  title =     {The Go Programming Language},
  howpublished = {Web page},
  month =     sep,
  year =      {2018},
  url = {https://golang.org/}
}

