@Misc{las-code-dispalydetect,
  author =	 {Fugang Wang and Gregor von Laszewski},
  title =	 {displaydetect.py},
  howpublished = {github},
  month =	 may,
  year =	 2018,
  url =
                  {https://raw.githubusercontent.com/cloudmesh/cloudmesh.pi/master/displaydetect.py}
}

@InProceedings{las14cloudmeshmultiple,
  Title =	 {{Accessing Multiple Clouds with Cloudmesh}},
  Author =	 {von Laszewski, Gregor and Wang, Fugang and Lee,
                  Hyungro and Chen, Heng and Fox, Geoffrey C.},
  Booktitle =	 {Proceedings of the 2014 ACM International Workshop
                  on Software-defined Ecosystems},
  Year =	 2014,
  Address =	 {New York, NY, USA},
  Pages =	 {21--28},
  Publisher =	 {ACM},
  Series =	 {BigSystem '14},
  Doi =		 {10.1145/2609441.2609638},
  url =
                  {https://github.com/cyberaide/paper-cloudmesh/raw/master/vonLaszewski-cloudmesh.pdf},
  ISBN =	 {978-1-4503-2909-5},
  Keywords =	 {cloud computing},
  Location =	 {Vancouver, BC, Canada},
  Numpages =	 8,
}

@Misc{nytimes-datacenter,
  author =	 {{New York times}},
  title =	 {Microsoft underwater datacenter},
  howpublished = {Web page},
  url =
                  {https://www.nytimes.com/2016/02/01/technology/microsoft-plumbs-oceans-depths-to-test-underwater-data-center.html}
}

@Misc{microsoft-first-datacenter,
  author =	 {{Microsoft}},
  title =	 {Microsoft Leona Philpot},
  howpublished = {Web page},
  url =
                  {https://news.microsoft.com/features/microsoft-research-project-puts-cloud-in-ocean-for-the-first-time/}
}

@Misc{microsoft-second-datacenter,
  author =	 {{Microsoft}},
  title =	 {Microsoft Northern Isles},
  howpublished = {Web page},
  url =
                  {https://news.microsoft.com/features/under-the-sea-microsoft-tests-a-datacenter-thats-quick-to-deploy-could-provide-internet-connectivity-for-years/}
}

@Misc{graphql-learn,
  author =	 {{Facebook}},
  title =	 {Introduction to GraphQL},
  howpublished = {Web page},
  url =		 {https://graphql.org/learn/}
}

@Misc{www-howtographql,
  author =	 {{Jonatas Baldin}},
  title =	 {Introduction to GraphQL python implementation},
  howpublished = {Web page},
  url =
                  {https://www.howtographql.com/graphql-python/0-introduction/}
}

@Misc{github-v4,
  author =	 {{Github}},
  title =	 {Github API v4},
  howpublished = {Web page},
  url =		 {https://developer.github.com/v4/}
}

@Misc{www-djangoproject,
  author =	 {{Django Software Foundation}},
  title =	 {Django web framework},
  howpublished = {Web page},
  url =		 {https://www.djangoproject.com/}
}

@Misc{medium-graphql,
  author =	 {{Clay Allsopp}},
  title =	 {GraphQL and authentication},
  howpublished = {Web page},
  url =
                  {https://medium.com/the-graphqlhub/graphql-and-authentication-b73aed34bbeb}
}

@Misc{jwt-tokens,
  author =	 {{Jo√£o Angelo}},
  title =	 {JWT tokens},
  howpublished = {Web page},
  url =		 {https://stackoverflow.com/a/39914013}
}

@Misc{www-go-yourbasic,
  author =	 {{Stefan Nilsson}},
  title =	 {Algorithms to Go},
  howpublished = {Web page},
  url =		 {https://yourbasic.org/}
}
