@misc{www-accenture-insight-industrial,
  comment = {ERROR},
  author =       {{accenture}},
  title =        {winning with the industrial internet of things},
  howpublished = {Web page},
  month =        oct,
  year =         2018,
  url =          {https://www.accenture.com/us-en/insight-industrial-internet-of-things}
}

@misc{www-predix-ge-Industrial,
  comment = {ERROR},
  author =       {{GE digital}},
  title =        {no unplanned downtime},
  howpublished = {Web page},
  month =        oct,
  year =         2015,
  url =          {https://www.predix.com/ge-industrial-internet-infographic}
}

@misc{www-getransportation-digital,
  comment = {ERROR},
  author =       {{GE transportation}},
  title =        {driving the digital transformation of transportation},
  howpublished = {Web page},
  year =         2016,
  url =          {http://www.getransportation.com/digital-solutions}
}

@misc{www-ge-digital-software,
  comment = {ERROR},
  author =       {general electric company},
  title =        {GE-Software-Modernizing-Machine-to-Machine-Interactions},
  howpublished = {Web page},
  year =         2013,
  url =          {https://www.ge.com/digital/sites/default/files/download_assets/GE-Software-Modernizing-Machine-to-Machine-
                  Interactions.pdf}
}
